<record><leader>00000cas a22000007a 4500</leader><controlfield tag="001">14056964</controlfield><controlfield tag="008">860807d1904191uutuwr ne      0    0eng d</controlfield><datafield ind1=" " ind2=" " tag="010"><subfield code="a">sn 86091408 </subfield></datafield><datafield ind1=" " ind2=" " tag="040"><subfield code="a">UNP</subfield><subfield code="b">eng</subfield><subfield code="c">UNP</subfield><subfield code="d">OCLCQ</subfield></datafield><datafield ind1=" " ind2=" " tag="042"><subfield code="a">msc</subfield></datafield><datafield ind1="0" ind2="0" tag="245"><subfield code="a">Davis County argus.</subfield></datafield><datafield ind1=" " ind2=" " tag="260"><subfield code="a">Farmington, Utah :</subfield><subfield code="b">D.P. Felt &amp; Son</subfield></datafield><datafield ind1=" " ind2=" " tag="300"><subfield code="a">v.</subfield></datafield><datafield ind1=" " ind2=" " tag="310"><subfield code="a">Weekly</subfield></datafield><datafield ind1="1" ind2=" " tag="362"><subfield code="a">Began in 1904.</subfield><subfield code="z">Cf. Ayers, 1906.</subfield></datafield><datafield ind1=" " ind2=" " tag="500"><subfield code="a">"A Journal devoted to the Up-building of Davis County."</subfield></datafield><datafield ind1=" " ind2=" " tag="588"><subfield code="a">Description based on: Vol. 1, no. 3 (Sept. 27, 1904).</subfield></datafield><datafield ind1=" " ind2=" " tag="752"><subfield code="a">United States</subfield><subfield code="b">Utah</subfield><subfield code="c">Davis</subfield><subfield code="d">Farmington.</subfield></datafield></record>